@article{subramanian2005gene,
  title={Gene set enrichment analysis: A knowledge-based approach for interpreting genome-wide expression profiles},
  author={Subramanian, Aravind and Tamayo, Pablo and Mootha, Vamsi K and Mukherjee, Sayan and Ebert, Benjamin L and Gillette, Michael A and Paulovich, Amanda and Pomeroy, Scott L and Golub, Todd R and Lander, Eric S and others},
  journal={Proceedings of the National Academy of Sciences},
  volume={102},
  number={43},
  pages={15545--15550},
  year={2005},
  publisher={National Acad Sciences}
}

@article{mootha2003pgc,
  title={{PGC}-1$\alpha$-responsive genes involved in oxidative phosphorylation are coordinately downregulated in human diabetes},
  author={Mootha, Vamsi K and Lindgren, Cecilia M and Eriksson, Karl-Fredrik and others},
  journal={Nature Genetics},
  volume={34},
  number={3},
  pages={267--273},
  year={2003},
  publisher={Nature Publishing Group}
}



@article{seal2023genenames,
  title={Genenames. org: the HGNC resources in 2023},
  author={Seal, Ruth L and Braschi, Bryony and Gray, Kristian and Jones, Tamsin EM and Tweedie, Susan and Haim-Vilmovsky, Liora and Bruford, Elspeth A},
  journal={Nucleic Acids Research},
  volume={51},
  number={D1},
  pages={D1003--D1009},
  year={2023},
  publisher={Oxford University Press}
}


@article{cunningham2022ensembl,
  title={Ensembl 2022},
  author={Cunningham, Fiona and Allen, James E and Allen, Jamie and Alvarez-Jarreta, Jorge and Amode, M Ridwan and Armean, Irina M and Austine-Orimoloye, Olanrewaju and Azov, Andrey G and Barnes, If and Bennett, Ruth and others},
  journal={Nucleic acids research},
  volume={50},
  number={D1},
  pages={D988--D995},
  year={2022},
  publisher={Oxford University Press}
}

@article{sayers2022database,
  title={Database resources of the National Center for Biotechnology Information},
  author={Sayers, Eric W and Bolton, Evan E and Brister, J Rodney and Canese, Kathi and Chan, Jessica and Comeau, Donald C and Connor, Ryan and Funk, Kathryn and Kelly, Chris and Sunghwan, Kim and Madej, Tom and Marchler-Bauer, Aron and Lanczycki, Christopher and Lathrop, Stacy and Lu, Zhiyong and Thibaud-Nissen, Francoise and Murphy, Terence and Phan, Lon and Skripchenko, Yuri and Tse, Tony and Wang, Jiyao and Williams, Rebecca and Trawick, Barton W and Pruitt, Kim D and Sherry, Stephen T},
  journal={Nucleic Acids Research},
  volume={50},
  number={D1},
  pages={D20--D26},
  year={2022},
  publisher={Oxford University Press}
}

@article{robinson2010scaling,
  title={A scaling normalization method for differential expression analysis of {RNA-seq} data},
  author={Robinson, Mark D and Oshlack, Alicia},
  journal={Genome Biology},
  volume={11},
  number={3},
  pages={1--9},
  year={2010},
  publisher={BioMed Central}
}

@article{law2014voom,
  title={voom: precision weights unlock linear model analysis tools for {RNA-seq} read counts},
  author={Law, Charity W and Chen, Yunshun and Shi, Wei and Smyth, Gordon K},
  journal={Genome Biology},
  volume={15},
  number={2},
  pages={1--17},
  year={2014},
  publisher={BioMed Central}
  
}


 %DAVID Web Application(1/2)
  @article{huang2009systematic,
  title={{Systematic and integrative analysis of large gene lists using DAVID bioinformatics resources}},
  author={Huang, Da Wei and Sherman, Brad T and Lempicki, Richard A},
  journal={Nature Protocols},
  volume={4},
  number={1},
  pages={44--57},
  year={{2009}},
  publisher={Nature Publishing Group}
}

%DAVID Web Application (2/2)
@article{huang2009bioinformatics,
  title={Bioinformatics enrichment tools: paths toward the comprehensive functional analysis of large gene lists},
  author={Huang, Da Wei and Sherman, Brad T and Lempicki, Richard A},
  journal={Nucleic Acids Research},
  volume={37},
  number={1},
  pages={1--13},
  year={{2009}},
  publisher={Oxford University Press}
}