
@article{love2014moderated,
  title={{Moderated estimation of fold change and dispersion for RNA-seq data with DESeq2}},
  author={Love, Michael I and Huber, Wolfgang and Anders, Simon},
  journal={Genome Biology},
  volume={15},
  pages={550},
  year={2014},
  publisher={BioMed Central}
}


  @Manual{tweeDEseq_package,
    title = {tweeDEseqCountData: RNA-seq count data employed in the vignette of the tweeDEseq
package},
    author = {Juan R Gonzalez and Mikel Esnaola},
    year = {2022},
    note = {R package version 1.34.0},
    url = {http://www.creal.cat/jrgonzalez/software.htm},
  }


@article{pickrell2010understanding,
  title={Understanding mechanisms underlying human gene expression variation with RNA sequencing},
  author={Pickrell, Joseph K and Marioni, John C and Pai, Athma A and Degner, Jacob F and Engelhardt, Barbara E and Nkadori, Everlyne and Veyrieras, Jean-Baptiste and Stephens, Matthew and Gilad, Yoav and Pritchard, Jonathan K},
  journal={Nature},
  volume={464},
  number={7289},
  pages={768--772},
  year={2010},
  publisher={Nature Publishing Group UK London}
}

 @article{wu2021clusterprofiler,
  title={clusterProfiler 4.0: A universal enrichment tool for interpreting omics data},
  author={Wu, Tianzhi and Hu, Erqiang and Xu, Shuangbin and Chen, Meijun and Guo, Pingfan and Dai, Zehan and Feng, Tingze and Zhou, Lang and Tang, Wenli and Zhan, Li and others},
  journal={The Innovation},
  volume={2},
  number={3},
  pages={100141},
  year={2021},
  publisher={Elsevier}
}


 @Manual{orgHs_package,
    title = {org.Hs.eg.db: Genome wide annotation for Human},
    author = {Marc Carlson},
    year = {2022},
    note = {R package version 3.15.0},
  }

@article{ritchie2015limma,
  title={{limma} powers differential expression analyses for {RNA-}sequencing and microarray studies},
  author={Ritchie, Matthew E and Phipson, Belinda and Wu, DI and Hu, Yifang and Law, Charity W and Shi, Wei and Smyth, Gordon K},
  journal={Nucleic acids research},
  volume={43},
  number={7},
  pages={e47--e47},
  year={2015},
  publisher={Oxford Academic}
}


@article{robinson2010edger,
  title={{edgeR: a Bioconductor package for differential expression analysis of digital gene expression data}},
  author={Robinson, Mark D and McCarthy, Davis J and Smyth, Gordon K},
  journal={Bioinformatics},
  volume={26},
  number={1},
  pages={139--140},
  year={2010},
  publisher={Oxford University Press}
}

@article{young2010gene,
  title={Gene ontology analysis for {RNA-seq}: accounting for selection bias},
  author={Young, Matthew D and Wakefield, Matthew J and Smyth, Gordon K and Oshlack, Alicia},
  journal={Genome Biology},
  volume={11},
  number={2},
  pages={1--12},
  year={2010},
  publisher={BioMed Central}
}

@article{tarca2013comparison,
  title={{A Comparison of Gene Set Analysis Methods in Terms of Sensitivity, Prioritization and Specificity}},
  author={Tarca, Adi L and Bhatti, Gaurav and Romero, Roberto},
  journal={PloS One},
  volume={8},
  number={11},
  pages={e79217},
  year={2013},
  publisher={Public Library of Science San Francisco, USA}
}


@article{huber2015orchestrating,
  title={Orchestrating high-throughput genomic analysis with {Bioconductor}},
  author={Huber, Wolfgang and Carey, Vincent J and Gentleman, Robert and Anders, Simon and Carlson, Marc and Carvalho, Benilton S and Bravo, Hector Corrada and Davis, Sean and Gatto, Laurent and Girke, Thomas and others},
  journal={Nature methods},
  volume={12},
  number={2},
  pages={115--121},
  year={2015},
  publisher={Nature Publishing Group US New York}
}

